<?xml version="1.0" encoding="UTF-8"?><collection><record><leader>06295ntm a2200601 a 4500</leader><controlfield tag="001">006816130</controlfield><controlfield tag="003">MiAaHDL</controlfield><controlfield tag="005">20190806000000.0</controlfield><controlfield tag="006">m        d        </controlfield><controlfield tag="007">cr bn ---auaua</controlfield><controlfield tag="008">090611s1869    ir            00| ||per d</controlfield><datafield tag="035" ind1=" " ind2=" "><subfield code="a">(MiU)006816130</subfield></datafield><datafield tag="035" ind1=" " ind2=" "><subfield code="a">sdr-miu006816130</subfield></datafield><datafield tag="040" ind1=" " ind2=" "><subfield code="a">MiU</subfield><subfield code="c">MiU</subfield><subfield code="e">amremm</subfield></datafield><datafield tag="041" ind1="0" ind2=" "><subfield code="a">per</subfield><subfield code="a">ota</subfield></datafield><datafield tag="043" ind1=" " ind2=" "><subfield code="a">n-us-mi</subfield></datafield><datafield tag="100" ind1="0" ind2=" "><subfield code="6">880-01</subfield><subfield code="a">Mīrzā Sanglākh,</subfield><subfield code="d">d. 1877.</subfield></datafield><datafield tag="245" ind1="1" ind2="0"><subfield code="6">880-03</subfield><subfield code="a">Qiṭʻāt-i Mīrzā Sanglākh,</subfield><subfield code="f">[1286, i.e. 1869].</subfield></datafield><datafield tag="246" ind1="3" ind2=" "><subfield code="a">قطعات ميرزا سنكلاخ</subfield></datafield><datafield tag="260" ind1=" " ind2=" "><subfield code="a">[Tabrīz,</subfield><subfield code="c">1869].</subfield></datafield><datafield tag="300" ind1=" " ind2=" "><subfield code="a">33 leaves :</subfield><subfield code="b">paper ;</subfield><subfield code="c">250 x 168 (176 x 100) mm. bound to 256 x 170 mm.</subfield></datafield><datafield tag="500" ind1=" " ind2=" "><subfield code="a">Shelfmark: Ann Arbor, University of Michigan, Special Collections Library, Isl. Ms. 346</subfield></datafield><datafield tag="500" ind1=" " ind2=" "><subfield code="a">Origin: As appears in colophon at close of opening section (p.19) executed by Muḥammad ʻAlī Tabrīzī with transcription completed 5 Ṣafar 1286 [ca. 17 May 1869]. As appears in colophon at close of second section (p.41) executed by Muḥammad ʻAlī Tabrīzī with transcription completed eleven days later 16 Ṣafar 1286 [ca. 28 May 1869].</subfield></datafield><datafield tag="500" ind1=" " ind2=" "><subfield code="a">Former shelfmark: "379 T. De M. [i.e. Tammaro De Marinis]" in pencil on interior of lower cover.</subfield></datafield><datafield tag="500" ind1=" " ind2=" "><subfield code="a">Binding: Boards covered in seafoam green coated and textured paper ; Type III binding (without flap) but not flush (too large) ; board linings in untinted paper ; sewn in green-blue thread, four stations ; overall in somewhat poor condition with abrasion, staining, upper cover detached at spine, text block fully detached at spine except for opening and closing leaves still affixed to spine lining and hinges, lifting and losses of paper (particularly at spine), etc.</subfield></datafield><datafield tag="500" ind1=" " ind2=" "><subfield code="a">Support: Paper (possibly European wove paper) tinted a striking magenta color, quite well-burnished to glossy, thick and sturdy (possibly two thicknesses).</subfield></datafield><datafield tag="500" ind1=" " ind2=" "><subfield code="a">Decoration: Superb illuminated headpiece (ʻunwān / sarlawḥ) at opening of each of the three main sections (p.2, 20, 42), mainly consisting of a large cartouche carrying a statement indicating the original patronage in white bordered in gold vegetal motifs set in a delicate array of swirling vegetal and floral motifs in black, white, light blue, red, lavender, turquoise, etc. and set in a well of turquoise or lapis lazuli ; written area throughout bordered in a gold frame, often with outermost blue rule ; keywords, section headings, abbreviation symbols (mainly two-teeth stroke overlining some keywords), and occasional vocalization in white ; textual dividers in the form of four dots in white.</subfield></datafield><datafield tag="500" ind1=" " ind2=" "><subfield code="a">Script: Nastaʻlīq ; exquisite specimen of Persian calligraphy ; bold hand in a heavy line, with effect of words descending to baseline, closed counters, elongation and exaggerated thickness of horizontal strokes ; headings mainly in an elegant seriffed naskh or tawqīʻ.</subfield></datafield><datafield tag="500" ind1=" " ind2=" "><subfield code="a">Layout: Written in roughly 14 lines per page, with written area often divided to two or three columns ; frame-ruled.</subfield></datafield><datafield tag="500" ind1=" " ind2=" "><subfield code="a">Collation: 3 IV(24), IV+1 (33) ; exclusively quaternions (one anomalous) ; catchwords present ; pagination in pencil, Western numerals, supplied during cataloguing.</subfield></datafield><datafield tag="500" ind1=" " ind2=" "><subfield code="a">Colophon: [opening section] "Scribal," triangular, reads "تمام شد اين نسخۀ شريف و بانجام رسيد اين نامۀ لطيف در روز دوشنبه پنجم شهر صفر المظفر سنه ١٢٨۶ در دار السلطنۀ تبريز بيد اقل خلق الله محمد على تبريزى ١٢٨۶" ; [second section] "Scribal," rectangular, reads "در روز جمعه شانزدهم شهر صفر المظفر من شهور سنه ١٢٨۶ هزار و دويست و هشتاد و شش من هجرة النبويه على صاحبها افضل الصلوة و ازكى التحية در دار السلطنه تبريز بيد بندۀ فانى و عبد مذنب جانى تراب قدم ارباب قلم محمد على تبريزى صورت انجام و اختتام پذیرفت"</subfield></datafield><datafield tag="500" ind1=" " ind2=" "><subfield code="a">Incipit: "جهة وزیری که رایات جهانداری و کامکاری به قبۀ فلک زنگاری ..."</subfield></datafield><datafield tag="500" ind1=" " ind2=" "><subfield code="a">Title from inscription on 'title page' (p.1).</subfield></datafield><datafield tag="500" ind1=" " ind2=" "><subfield code="a">Ms. codex.</subfield></datafield><datafield tag="510" ind1="4" ind2=" "><subfield code="a">Ekhtiar, Maryam."SANGLĀḴ, MOḤAMMAD-ʿALI." In Encyclopaedia Iranica,</subfield><subfield code="c">v.14</subfield></datafield><datafield tag="510" ind1="4" ind2=" "><subfield code="a">Rypka, History of Iranian Literature,</subfield><subfield code="c">p.119</subfield></datafield><datafield tag="520" ind1="8" ind2=" "><subfield code="a">Exquisite album of calligraphy reproducing several calligraphy specimens (qiṭʻāt / kıt'alar) executed by Mīrzā Sanglākh, Muḥammad ʻAlī Khurasānī (d.1877) for Muḥammad ʻAlī Pāshā, his son Ibrāhīm Pāshā, etc. including a selection of his own poetry in Persian and an assortment of offical letters and addresses, mainly in Turkish, from a range of viziers.</subfield></datafield><datafield tag="538" ind1=" " ind2=" "><subfield code="a">Mode of access: Internet.</subfield></datafield><datafield tag="541" ind1=" " ind2=" "><subfield code="c">Purchase ;</subfield><subfield code="a">Acquired by purchase (funds donated by Horace Rackham).</subfield><subfield code="d">1924.</subfield></datafield><datafield tag="546" ind1=" " ind2=" "><subfield code="a">Persian and Ottoman Turkish.</subfield></datafield><datafield tag="561" ind1=" " ind2=" "><subfield code="a">As appears in opening headpiece (p.2), opening qiṭʻah originally executed by Mīrzā Sanglākh for Muḥammad ʻAlī Pāshā (Mehmet Ali Paşa), Ottoman governor-general and assumed Khedive of Egypt (r.1805-1848 / d.1849) ; as appears in second headpiece (p.42), second qiṭʻah originally executed by Mīrzā Sanglākh for Ibrāhīm Pāshā (İbrahim Paşa), who succeeded his father as governor-general of Egypt (r.1848 / d.1848) ; marginal glosses.</subfield></datafield><datafield tag="650" ind1=" " ind2="0"><subfield code="a">Manuscripts, Turkish</subfield><subfield code="z">Michigan</subfield><subfield code="z">Ann Arbor.</subfield></datafield><datafield tag="650" ind1=" " ind2="0"><subfield code="a">Manuscripts, Persian</subfield><subfield code="z">Michigan</subfield><subfield code="z">Ann Arbor.</subfield></datafield><datafield tag="650" ind1=" " ind2="0"><subfield code="a">Calligraphy, Persian</subfield><subfield code="v">Specimens.</subfield></datafield><datafield tag="650" ind1=" " ind2="0"><subfield code="a">Pashas</subfield><subfield code="v">Correspondence.</subfield></datafield><datafield tag="650" ind1=" " ind2="0"><subfield code="a">Persian poetry</subfield><subfield code="y">19th century.</subfield></datafield><datafield tag="655" ind1=" " ind2="7"><subfield code="a">Headpieces (layout features)</subfield><subfield code="y">19th century.</subfield><subfield code="2">aat</subfield></datafield><datafield tag="700" ind1="0" ind2=" "><subfield code="a">Abdülhamid</subfield><subfield code="b">II,</subfield><subfield code="c">Sultan of the Turks,</subfield><subfield code="d">1842-1918,</subfield><subfield code="e">former owner.</subfield></datafield><datafield tag="700" ind1="0" ind2=" "><subfield code="6">880-07</subfield><subfield code="a">Muḥammad ʻAlī Tabrīzī,</subfield><subfield code="d">fl. 1869,</subfield><subfield code="e">calligrapher,</subfield><subfield code="e">scribe.</subfield></datafield><datafield tag="773" ind1="0" ind2=" "><subfield code="a">Abdul Hamid Collection.</subfield></datafield><datafield tag="880" ind1="0" ind2=" "><subfield code="6">700-07/</subfield><subfield code="a">محمد على تبريزى,</subfield><subfield code="e">خطاط,</subfield><subfield code="e">ناسخ.</subfield></datafield><datafield tag="880" ind1="1" ind2="0"><subfield code="6">245-03/</subfield><subfield code="a">قطعات میرزا سنگلاخ,</subfield><subfield code="f">[1286ه، 1869م].</subfield></datafield><datafield tag="880" ind1="0" ind2=" "><subfield code="6">100-01/</subfield><subfield code="a">میرزا سنگلاخ.</subfield></datafield><datafield tag="CID" ind1=" " ind2=" "><subfield code="a">006816130</subfield></datafield><datafield tag="DAT" ind1="0" ind2=" "><subfield code="a">20190806040242.0</subfield><subfield code="b">20190806000000.0</subfield></datafield><datafield tag="DAT" ind1="1" ind2=" "><subfield code="a">20190806090531.0</subfield><subfield code="b">2019-08-06T16:08:46Z</subfield></datafield><datafield tag="DAT" ind1="2" ind2=" "><subfield code="a">2015-10-02T18:00:03Z</subfield></datafield><datafield tag="CAT" ind1=" " ind2=" "><subfield code="a">SDR-MIU</subfield><subfield code="d">EX LIBRIS - ALEPH</subfield><subfield code="l">prepare.pl-004-008</subfield></datafield><datafield tag="FMT" ind1=" " ind2=" "><subfield code="a">BK</subfield></datafield><datafield tag="HOL" ind1=" " ind2=" "><subfield code="0">sdr-miu006816130</subfield><subfield code="a">MiU</subfield><subfield code="b">SDR</subfield><subfield code="c">MIU</subfield><subfield code="p">mdp.39015079129667</subfield><subfield code="s">MIU</subfield><subfield code="1">006816130</subfield></datafield><datafield tag="974" ind1=" " ind2=" "><subfield code="b">MIU</subfield><subfield code="c">MIU</subfield><subfield code="d">20190806</subfield><subfield code="s">lit-dlps-dc</subfield><subfield code="u">mdp.39015079129667</subfield><subfield code="y">1869</subfield><subfield code="r">pd</subfield><subfield code="q">bib</subfield><subfield code="t">non-US bib date1 &lt; 1896</subfield></datafield></record></collection>